@article{ogudo2023optimal,
  title={Optimal Artificial Intelligence Based Automated Skin Lesion Detection and Classification Model.},
  author={Ogudo, Kingsley A and Surendran, R and Khalaf, Osamah Ibrahim},
  journal={Computer Systems Science \& Engineering},
  volume={44},
  number={1},
  year={2023}
}

@article{khan2021multi,
  title={Multi-class skin lesion detection and classification via teledermatology},
  author={Khan, Muhammad Attique and Muhammad, Khan and Sharif, Muhammad and Akram, Tallha and de Albuquerque, Victor Hugo C},
  journal={IEEE journal of biomedical and health informatics},
  volume={25},
  number={12},
  pages={4267--4275},
  year={2021},
  publisher={IEEE}
}

@article{kassem2021machine,
  title={Machine learning and deep learning methods for skin lesion classification and diagnosis: a systematic review},
  author={Kassem, Mohamed A and Hosny, Khalid M and Dama{\v{s}}evi{\v{c}}ius, Robertas and Eltoukhy, Mohamed Meselhy},
  journal={Diagnostics},
  volume={11},
  number={8},
  pages={1390},
  year={2021},
  publisher={MDPI}
}

@article{zafar2023skin,
  title={Skin lesion analysis and cancer detection based on machine/deep learning techniques: A comprehensive survey},
  author={Zafar, Mehwish and Sharif, Muhammad Imran and Sharif, Muhammad Irfan and Kadry, Seifedine and Bukhari, Syed Ahmad Chan and Rauf, Hafiz Tayyab},
  journal={Life},
  volume={13},
  number={1},
  pages={146},
  year={2023},
  publisher={MDPI}
}

@techreport{yanchatuna2021skin,
  title={Skin lesion detection and classification using convolutional neural network for deep feature extraction and support vector machine},
  author={Yanchatu{\~n}a, Oscar P and V{\'a}squez, PA and Pila, Kevin O and Villalba-Meneses, GF and Almeida-Gal{\'a}rraga, D and Alvarado-Cando, O and Pereira, JP and Veintimilla, KS},
  year={2021}
}

@article{adegun2020fcn,
  title={FCN-based DenseNet framework for automated detection and classification of skin lesions in dermoscopy images},
  author={Adegun, Adekanmi A and Viriri, Serestina},
  journal={IEEE access},
  volume={8},
  pages={150377--150396},
  year={2020},
  publisher={IEEE}
}

@article{ozkan2017skin,
  title={Skin lesion classification using machine learning algorithms},
  author={Ozkan, Ilker Ali and Koklu, Murat},
  journal={International Journal of Intelligent Systems and Applications in Engineering},
  volume={5},
  number={4},
  pages={285--289},
  year={2017}
}

@inproceedings{mahbod2019skin,
  title={Skin lesion classification using hybrid deep neural networks},
  author={Mahbod, Amirreza and Schaefer, Gerald and Wang, Chunliang and Ecker, Rupert and Ellinge, Isabella},
  booktitle={ICASSP 2019-2019 IEEE international conference on acoustics, speech and signal processing (ICASSP)},
  pages={1229--1233},
  year={2019},
  organization={IEEE}
}

@article{yap2018multimodal,
  title={Multimodal skin lesion classification using deep learning},
  author={Yap, Jordan and Yolland, William and Tschandl, Philipp},
  journal={Experimental dermatology},
  volume={27},
  number={11},
  pages={1261--1267},
  year={2018},
  publisher={Wiley Online Library}
}

@inproceedings{ramlakhan2011mobile,
  title={A mobile automated skin lesion classification system},
  author={Ramlakhan, Kiran and Shang, Yi},
  booktitle={2011 IEEE 23rd International Conference on Tools with Artificial Intelligence},
  pages={138--141},
  year={2011},
  organization={IEEE}
}

@article{albahar2019skin,
  title={Skin lesion classification using convolutional neural network with novel regularizer},
  author={Albahar, Marwan Ali},
  journal={IEEE Access},
  volume={7},
  pages={38306--38313},
  year={2019},
  publisher={IEEE}
}

@inproceedings{gouda2022detection,
  title={Detection of skin cancer based on skin lesion images using deep learning},
  author={Gouda, Walaa and Sama, Najm Us and Al-Waakid, Ghada and Humayun, Mamoona and Jhanjhi, Noor Zaman},
  booktitle={Healthcare},
  volume={10},
  number={7},
  pages={1183},
  year={2022},
  organization={MDPI}
}

@article{dhar2021skin,
  title={Skin lesion detection using fuzzy approach and classification with CNN},
  author={Dhar, Prashengit and Guha, Sunanda},
  journal={International Journal of Engineering and Manufacturing (IJEM)},
  volume={11},
  number={1},
  pages={11--18},
  year={2021}
}

@article{harangi2018skin,
  title={Skin lesion classification with ensembles of deep convolutional neural networks},
  author={Harangi, Balazs},
  journal={Journal of biomedical informatics},
  volume={86},
  pages={25--32},
  year={2018},
  publisher={Elsevier}
}


@article{jinnai2020development,
  title={The development of a skin cancer classification system for pigmented skin lesions using deep learning},
  author={Jinnai, Shunichi and Yamazaki, Naoya and Hirano, Yuichiro and Sugawara, Yohei and Ohe, Yuichiro and Hamamoto, Ryuji},
  journal={Biomolecules},
  volume={10},
  number={8},
  pages={1123},
  year={2020},
  publisher={MDPI}
}

@inproceedings{lopez2017skin,
  title={Skin lesion classification from dermoscopic images using deep learning techniques},
  author={Lopez, Adria Romero and Giro-i-Nieto, Xavier and Burdick, Jack and Marques, Oge},
  booktitle={2017 13th IASTED international conference on biomedical engineering (BioMed)},
  pages={49--54},
  year={2017},
  organization={IEEE}
}


@inproceedings{simon2007mobile,
  title={A mobile application framework for the geospatial web},
  author={Simon, Rainer and Fr{\"o}hlich, Peter},
  booktitle={Proceedings of the 16th international conference on World Wide Web},
  pages={381--390},
  year={2007}
}

@article{jordan2013building,
  title={Building mobile tourist guide applications using different development mobile platforms},
  author={Jordan, Irbid},
  journal={International Journal of Advanced Science and Technology},
  volume={54},
  pages={13--22},
  year={2013}
}

@inproceedings{deka2017rico,
  title={Rico: A mobile app dataset for building data-driven design applications},
  author={Deka, Biplab and Huang, Zifeng and Franzen, Chad and Hibschman, Joshua and Afergan, Daniel and Li, Yang and Nichols, Jeffrey and Kumar, Ranjitha},
  booktitle={Proceedings of the 30th annual ACM symposium on user interface software and technology},
  pages={845--854},
  year={2017}
}

@inproceedings{singjai2021patterns,
  title={Patterns on deriving apis and their endpoints from domain models},
  author={Singjai, Apitchaka and Zdun, Uwe and Zimmermann, Olaf and Pautasso, Cesare},
  booktitle={Proceedings of the 26th European Conference on Pattern Languages of Programs},
  pages={1--15},
  year={2021}
}

@inproceedings{mu2011design,
  title={Design patterns in software development},
  author={Mu, Huaxin and Jiang, Shuai},
  booktitle={2011 IEEE 2nd International Conference on Software Engineering and Service Science},
  pages={322--325},
  year={2011},
  organization={IEEE}
}

@article{ruparelia2010software,
  title={Software development lifecycle models},
  author={Ruparelia, Nayan B},
  journal={ACM SIGSOFT Software Engineering Notes},
  volume={35},
  number={3},
  pages={8--13},
  year={2010},
  publisher={ACM New York, NY, USA}
}

@article{shafiq2021literature,
  title={A literature review of using machine learning in software development life cycle stages},
  author={Shafiq, Saad and Mashkoor, Atif and Mayr-Dorn, Christoph and Egyed, Alexander},
  journal={IEEe Access},
  volume={9},
  pages={140896--140920},
  year={2021},
  publisher={IEEE}
}

@inproceedings{srivastava2017scrum,
  title={SCRUM model for agile methodology},
  author={Srivastava, Apoorva and Bhardwaj, Sukriti and Saraswat, Shipra},
  booktitle={2017 International Conference on Computing, Communication and Automation (ICCCA)},
  pages={864--869},
  year={2017},
  organization={IEEE}
}

@article{hay2006skin,
  title={Skin diseases},
  author={Hay, Roderick and Bendeck, Sandra E and Chen, Suephy and Estrada, Roberto and Haddix, Anne and McLeod, Tonya and Mah{\'e}, Antone},
  journal={Disease Control Priorities in Developing Countries. 2nd edition},
  year={2006},
  publisher={The International Bank for Reconstruction and Development/The World Bank}
}

@misc{van2005common,
  title={Common skin diseases Africa},
  author={van Hees, Colette and Naafs, Ben},
  year={2005}
}

@article{esteva2017dermatologist,
  title={Dermatologist-level classification of skin cancer with deep neural networks},
  author={Esteva, Andre and Kuprel, Brett and Novoa, Roberto A and Ko, Justin and Swetter, Susan M and Blau, Helen M and Thrun, Sebastian},
  journal={nature},
  volume={542},
  number={7639},
  pages={115--118},
  year={2017},
  publisher={Nature Publishing Group UK London}
}

@article{lecun2015deep,
  title={Deep learning},
  author={LeCun, Yann and Bengio, Yoshua and Hinton, Geoffrey},
  journal={nature},
  volume={521},
  number={7553},
  pages={436--444},
  year={2015},
  publisher={Nature Publishing Group UK London}
}

@inproceedings{he2016deep,
  title={Deep residual learning for image recognition},
  author={He, Kaiming and Zhang, Xiangyu and Ren, Shaoqing and Sun, Jian},
  booktitle={Proceedings of the IEEE conference on computer vision and pattern recognition},
  pages={770--778},
  year={2016}
}

@article{tschandl2018ham10000,
  title={The HAM10000 dataset, a large collection of multi-source dermatoscopic images of common pigmented skin lesions},
  author={Tschandl, Philipp and Rosendahl, Cliff and Kittler, Harald},
  journal={Scientific data},
  volume={5},
  number={1},
  pages={1--9},
  year={2018},
  publisher={Nature Publishing Group}
}

@article{buda2018systematic,
  title={A systematic study of the class imbalance problem in convolutional neural networks},
  author={Buda, Mateusz and Maki, Atsuto and Mazurowski, Maciej A},
  journal={Neural networks},
  volume={106},
  pages={249--259},
  year={2018},
  publisher={Elsevier}
}

@inproceedings{yosinski2014transfer,
  title={How transferable are features in deep neural networks?},
  author={Yosinski, Jason and Clune, Jeff and Bengio, Yoshua and Lipson, Hod},
  booktitle={Advances in neural information processing systems},
  volume={27},
  year={2014}
}

@book{goodfellow2016deep,
  title={Deep Learning},
  author={Goodfellow, Ian and Bengio, Yoshua and Courville, Aaron},
  year={2016},
  publisher={MIT Press},
  address={Cambridge, MA},
  url={https://www.deeplearningbook.org/}
}

@article{krawczyk2016learning,
  title={Learning from imbalanced data: open challenges and future directions},
  author={Krawczyk, Bartosz},
  journal={Progress in Artificial Intelligence},
  volume={5},
  number={4},
  pages={221--232},
  year={2016},
  publisher={Springer},
  doi={10.1007/s13748-016-0094-0}
}

@inproceedings{prechelt1998early,
  title={Early stopping---but when?},
  author={Prechelt, Lutz},
  booktitle={Neural Networks: Tricks of the Trade},
  pages={55--69},
  year={1998},
  publisher={Springer},
  address={Berlin, Heidelberg},
  doi={10.1007/3-540-49430-8_3}
}

@article{adam2014method,
  title={A method for stochastic optimization},
  author={Adam, Kingma DP Ba J and others},
  journal={arXiv preprint arXiv:1412.6980},
  volume={1412},
  number={6},
  year={2014}
}